<?xml version="1.0" encoding="UTF-8"?><collection xmlns="http://www.loc.gov/MARC21/slim"><record><leader>00394nam--2200133-i-4500</leader><controlfield tag="001">000002921</controlfield><controlfield tag="002">20161230</controlfield><controlfield tag="005">20161230201025</controlfield><controlfield tag="008">060222s1000------------r-----000-0-eng-d</controlfield><datafield ind1=" " ind2=" " tag="100"><subfield code="a">Boden, Christian Und Gerhardt, Walter</subfield></datafield><datafield ind1=" " ind2=" " tag="245"><subfield code="a">Verstarkung bei frequenzen uber 1000 mhz</subfield></datafield><datafield ind1=" " ind2=" " tag="260"><subfield code="a">Berlin, Verlag Technik, 1952. 88 P. Cu Fig</subfield></datafield><datafield ind1=" " ind2=" " tag="490"><subfield code="a">Schriftenreiche Des Verlages Technik</subfield></datafield><datafield ind1=" " ind2=" " tag="852"><subfield code="a">11187</subfield></datafield></record></collection>